1779 2989
52 258 98 293 17

77 1447 107 1490 6

64 1508 110 1545 18

622 146 984 197 15‚17—6‚1s
1440 140 1488 177 15

230 256 434 294 Arum-s.
499 253 598 293 Non
631 266 730 305 ergo
763 266 786 291 a
815 252 1020 305 praetoris
1043 251 1195 298 edicto,
1230 256 1278 289 ut
1298 249 1491 302 plerique

115 338 255 372 nunc,
305 335 444 374 neque
490 336 513 360 a
553 321 778 360 duodecim
809 319 991 368 tabulis,
1036 325 1084 358 ut
1124 318 1384 371 superiores,
1420 318 1492 357 sed

115 391 287 444 penitus
329 404 381 429 ex
420 388 572 428 intima
610 387 882 441 philosophia
911 386 1193 426 hauriendam
1223 385 1326 424 iuris
1358 385 1492 424 disci—

116 459 279 512 plinam
310 464 448 511 putaS.

202 526 400 565 MARCVS.
471 524 571 564 Non
618 524 733 564 enim
778 524 823 563 id
868 524 1110 577 quaerimus
1155 522 1236 561 1100
1282 534 1489 568 sermone,
1513 538 1528 554 ›

118 593 345 647 Pomponi,
380 606 507 645 quem
531 593 583 632 ad
614 592 789 632 modum
821 605 1047 631 caueamus
1087 590 1132 629 in
1163 590 1254 629 iure
1287 596 1360 628 aut
1391 587 1494 640 quid

118 663 170 701 de
215 674 383 713 quaque
428 660 742 700 consultatione
786 659 1133 712 respondeamus.
1206 657 1259 696 sit
1303 657 1384 696 ista
1428 669 1494 695 res

119 743 290 781 magna,
333 728 442 768 sicut
474 735 551 777 est,
599 742 706 780 quae
737 727 953 780 quondam
985 741 1008 766 a
1038 725 1186 765 multis
1218 724 1340 763 claris
1371 722 1491 772 uiris,

120 811 237 836 nunc
269 797 320 836 ab
352 810 438 835 uno
472 809 639 835 summa
669 795 919 834 auctoritate
961 800 1002 834 et
1033 792 1211 833 scientia
1242 792 1492 839 sustinetur,

122 865 194 904 sed
238 864 362 903 nobis
408 863 467 902 ita
513 862 819 916 conplectenda
864 862 910 901 in
956 862 1035 901 hac
1081 859 1370 913 disputatione
1409 866 1497 898 tota

123 946 247 972 causa
280 938 342 970 est
373 931 567 971 uniuersi
597 931 702 970 iuris
735 944 782 969 ac
812 929 980 982 legum,
1024 938 1072 969 ut
1113 929 1193 968 hoc
1223 927 1350 967 ciuile
1383 927 1496 980 quod

124 1000 303 1040 dicimus
334 1000 380 1038 in
410 1013 593 1052 paruum
625 998 839 1052 quendam
880 1005 922 1038 et
960 1004 1191 1051 angustum
1221 995 1363 1035 locum
1394 1008 1497 1034 0011-

124 1067 319 1107 cludatur
354 1068 587 1119 [11aturae]:
623 1074 775 1106 natura
807 1067 922 1105 enim
952 1066 1057 1105 iuris
1090 1063 1344 1118 explicanda
1373 1062 1497 1102 nobis

123 1142 186 1175 est
216 1149 348 1188 eaque
388 1135 440 1174 ab
480 1134 668 1174 hominis
707 1135 936 1188 repetenda
966 1141 1133 1182 natura,
1167 1130 1498 1172 considerandae

123 1202 255 1255 leges,
290 1202 446 1255 quibus
469 1202 665 1242 ciuitates
687 1202 776 1255 regi
799 1203 998 1249 debeant,
1034 1208 1126 1241 tum
1150 1200 1256 1240 haec
1276 1198 1497 1239 tractanda

125 1284 233 1322 quae
275 1270 493 1323 conposita
532 1277 633 1309 sunt
675 1277 717 1310 et
757 1269 968 1323 descripta
1006 1269 1099 1308 iura
1141 1275 1181 1308 et
1212 1268 1327 1307 iussa
1358 1280 1499 1320 popu-

125 1337 278 1385 lorum,
313 1337 358 1376 in
388 1338 544 1390 quibus
576 1352 630 1377 ne
652 1337 786 1378 nostri
807 1338 981 1390 quidem
1002 1336 1152 1390 populi
1174 1336 1371 1375 latebunt
1392 1348 1500 1386 quae

126 1412 336 1444 uocantur
365 1405 457 1445 iura
490 1405 649 1445 ciuilia.

214 1473 428 1515 vaTvs,
492 1473 592 1513 Alte
613 1488 715 1513 uero
746 1481 801 1523 et,
836 1480 884 1513 ut
906 1479 1085 1527 oportet,
1121 1487 1144 1512 a
1166 1471 1318 1525 capite,
1353 1469 1497 1518 frater,

1517 868 1548 893 10

1518 1207 1548 1233 15

128 1541 283 1593 repetis
316 1541 431 1593 quod
462 1541 732 1593 quaerimus3
768 1548 809 1581 et
831 1541 903 1594 qui
926 1541 1047 1581 aliter
1069 1541 1135 1580 ius
1158 1539 1286 1580 ciuile
1308 1538 1497 1586 tradunt,
1520 1546 1553 1572 20

128 1622 214 1648 non
247 1615 333 1648 tam
364 1608 552 1648 iustitiae
585 1623 713 1661 quam
743 1608 943 1662 litigandi
975 1609 1149 1648 tradunt
1184 1608 1291 1647 uias.

213 1670 411 1715 MA'va-s.
474 1676 575 1715 Non
605 1676 664 1716 ita
697 1683 774 1725 est,
810 1677 989 1726 Quinte,
1032 1692 1080 1716 30
1117 1675 1260 1729 potius
1292 1674 1502 1727 ignoratio

129 1743 233 1783 iuris
275 1743 462 1797 litigiosa
502 1752 565 1784 est
608 1759 735 1796 quam
774 1745 965 1784 scientia.
1031 1744 1105 1784 sed
1142 1744 1222 1782 hoc
1263 1741 1497 1796 posterius:

129 1825 246 1850 nunc
275 1811 380 1850 iuris
410 1811 621 1865 principia
652 1812 889 1851 uideamus.

216 1878 353 1931 Igitur
398 1879 653 1919 doctissimis
701 1879 804 1919 uiris
858 1879 1069 1933 proficisci
1115 1878 1276 1932 placuit
1322 1893 1344 1918 a
1388 1877 1499 1930 lege,
1522 1884 1555 1910 25

131 1946 247 1986 haud
279 1947 364 1986 scio
396 1961 450 1986 an
482 1954 618 1996 recte,
663 1947 698 1987 si
728 1947 879 1996 modo,
924 1954 972 1987 ut
1001 1948 1116 1987 idem
1157 1945 1392 1995 definiunt,
1434 1944 1505 1984 lex

133 2104 211 2127 corr
234 2091 266 2126 1s
277 2096 312 2126 A
397 2094 415 2125 3
440 2069 649 2127 ¹aul-iendam
667 2094 703 2126 B
778 2096 797 2127 S
824 2094 975 2128 condam
1000 2105 1078 2127 corr
1095 2075 1251 2138 {ondam
1270 2095 1306 2128 B
1380 2094 1419 2125 10
1446 2091 1507 2126 sed

132 2161 211 2182 corr
228 2160 268 2182 ea:
284 2150 316 2182 ἃ*
334 2152 368 2183 Α
463 2149 567 2183 nobis
586 2149 635 2184 ita
663 2153 716 2183 ‘ex
735 2151 880 2195 antiquo
899 2151 995 2184 Zz'bro'
1019 2150 1209 2184 DIanutius
1234 2148 1333 2184 noris
1353 2148 1419 2183 lsta
1435 2149 1508 2183 AB

133 2205 237 2239 nobis
262 2205 331 2239 ista
359 2206 533 2240 Corradus
558 2206 665 2240 nobis
690 2206 812 2241 omisso
836 2207 905 2241 ista
923 2208 969 2241 R.
992 2207 1192 2252 Stephanus
1296 2206 1506 2251 conpleren-

135 2273 181 2307 da
198 2275 234 2308 B
327 2268 416 2318 haric
434 2275 470 2308 B
567 2275 606 2306 12
633 2274 869 2308 concludatur
884 2294 890 2300 ·
908 2281 1037 2309 natura
1065 2278 1117 2308 ‘ex
1134 2274 1277 2319 antiquo
1299 2274 1398 2308 lz'bro’
1423 2275 1507 2308 Ma-

136 2330 268 2371 nutius,
289 2329 335 2363 R.
358 2330 559 2374 Stephanus
583 2331 820 2365 concludatur
844 2343 998 2366 naturae
1016 2351 1021 2356 ·
1040 2343 1169 2365 natura
1186 2333 1260 2366 AB
1358 2333 1395 2365 14
1422 2343 1509 2365 con-

138 2385 324 2420 sideranda
349 2385 467 2431 eleges
488 2388 523 2421 B
547 2387 606 2420 sed
624 2399 702 2421 corr
726 2387 1144 2432 considerandae*1eges
1284 2389 1323 2420 15
1350 2386 1512 2421 multans

138 2453 217 2476 corr
242 2441 280 2476 ef
292 2444 366 2476 AB
463 2444 502 2475 16
530 2443 717 2488 conposita
733 2447 806 2479 AB
830 2444 896 2486 (sic)
999 2447 1037 2478 17
1065 2447 1154 2479 nffi*
1186 2445 1275 2489 (snit
1300 2443 1389 2486 nsus)
1413 2444 1448 2477 B

140 2512 181 2542 19
207 2510 308 2544 alre*
338 2509 429 2554 (suit
455 2509 556 2551 alter)
580 2512 616 2544 B
687 2513 728 2545 20
754 2512 986 2557 querimusA
1012 2511 1216 2558 qmmusB
1288 2495 1333 2556 1¹1*
1350 2514 1386 2546 A
1457 2511 1509 2546 31-

137 2577 253 2612 terius
266 2580 302 2613 B
326 2578 386 2611 secl
400 2590 478 2611 corr
503 2562 595 2613 asser
608 2599 614 2604 ·
629 2578 684 2612 lus
760 2581 797 2612 21
827 2579 987 2615 iusnclae
1005 2584 1040 2615 Α
1141 2579 1222 2614 ulas
1242 2580 1382 2614 Nonna
1395 2598 1400 2604 ·
1415 2581 1434 2612 ὅ
1447 2597 1454 2604 ·
1475 2578 1510 2613 in

139 2635 246 2668 litura
263 2637 299 2668 A
402 2635 443 2667 22
470 2646 621 2680 qumue
638 2639 673 2670 A
699 2631 845 2683 quincte
863 2639 898 2672 B
993 2649 1033 2672 30
1058 2649 1136 2671 corr
1160 2649 1199 2671 3τ
1215 2637 1287 2671 ΑΒ
1381 2638 1424 2670 26
1450 2648 1513 2670 aur
