1779 2989
236 145 281 172 lv

234 243 320 285 fere
350 241 593 297 primitiuae
625 248 665 282 et
698 246 907 282 correctae
948 239 1178 293 scripturae
1217 251 1304 278 una
1344 250 1606 291 cognoscan-

236 330 315 363 tur.
381 322 440 362 ita
478 321 526 361 fit
566 328 614 361 ut
655 334 752 360 cum
793 319 917 360 ambo
956 318 1054 359 libri
1092 318 1182 371 pari
1224 317 1309 357 sint
1341 316 1603 365 auctoritate,

236 401 421 442 utilitate
453 407 596 441 tamen
626 399 833 440 recentior
866 399 919 438 sit
960 411 1085 451 saepe
1126 396 1331 450 superior.
1396 395 1471 436 sed
1509 402 1607 435 sunt

237 481 364 521 etiam
394 478 494 528 loci,
529 479 684 532 quibus
715 477 908 518 neutrius
941 475 1098 517 codicis
1128 474 1372 515 testimonio
1394 474 1606 528 primitiua

237 559 442 612 scriptura
475 564 653 598 constet.
719 556 778 597 ibi
816 557 862 596 in
901 555 1140 596 subsidium
1178 553 1438 594 recensionis
1477 553 1609 594 codex

237 636 506 678 Heinsianus
544 636 654 689 (118,
690 649 798 676 saec.
836 634 935 686 XII)
975 633 1184 683 succedit,
1227 634 1299 686 qui
1341 633 1385 673 in
1417 632 1608 686 plurimis

238 731 334 756 cum
375 715 602 757 Vossianis
641 715 878 761 consentit,
923 713 1005 753 alia
1047 712 1217 753 arbitrio
1248 719 1432 752 correcta
1464 711 1605 758 habet,

239 796 313 836 sed
354 794 564 835 nonnulla
603 800 741 843 tenet,
785 807 892 847 quae
935 807 956 833 e
996 792 1213 833 communi
1251 790 1370 832 fonte
1410 798 1530 839 nata,
1575 791 1609 830 si

240 874 343 928 quid
376 873 643 914 obscuritatis
682 879 743 913 est
781 872 1013 925 scripturae
1044 872 1090 911 in
1121 873 1158 911 A
1190 877 1264 910 aut
1294 870 1353 919 B,
1392 870 1610 910 commode

239 953 468 993 illustrant.
538 951 653 992 hunc
702 965 779 1005 ego
827 965 914 992 non
961 951 1051 991 uidi
1091 950 1164 990 sed
1211 950 1461 1003 scripturas,
1509 962 1612 1001 quas

240 1031 381 1080 attuli,
417 1045 467 1071 ex
499 1030 665 1071 Halmii
695 1029 1010 1071 commentariis
1040 1029 1161 1083 petii,
1199 1029 1324 1082 posui
1355 1035 1495 1069 autem
1526 1042 1610 1068 non

242 1124 388 1151 omnes
431 1111 506 1151 sed
546 1124 615 1150 eas
656 1115 824 1150 tantum
864 1122 967 1162 quas
1016 1115 1089 1148 aut
1131 1122 1222 1148 eam
1265 1108 1320 1148 ob
1358 1121 1446 1148 rem
1487 1121 1612 1160 quam

242 1190 331 1230 dixi
363 1196 435 1230 aut
467 1189 562 1230 aliis
595 1188 720 1229 certis
752 1189 989 1229 rationibus
1027 1187 1154 1228 utiles
1194 1201 1286 1228 esse
1325 1187 1444 1227 duxi.
1506 1200 1613 1239 quae

240 1276 458 1322 praeterea
488 1269 535 1308 in
565 1274 767 1322 promptu
789 1268 964 1308 fuerunt
985 1268 1214 1321 scripturae
1236 1266 1393 1307 codicis
1415 1266 1616 1306 Lauren-

242 1348 348 1388 tiani
389 1347 479 1388 siue
511 1347 878 1401 Lagoniarsiniani
921 1349 967 1387 11
1010 1361 1034 1387 a
1070 1345 1423 1386 Reifferscheidio
1464 1358 1615 1385 excer-

241 1435 353 1478 ptae,
388 1427 440 1467 iis
472 1441 574 1467 usus
605 1440 694 1467 non
725 1440 835 1475 sum,
871 1427 970 1479 quia
1000 1425 1216 1466 cumulare
1248 1424 1460 1465 inutiliter
1490 1424 1616 1464 testi-

241 1506 386 1548 monia
416 1506 563 1555 nolui,
606 1507 642 1547 is
673 1512 817 1546 autem
848 1504 956 1545 liber
986 1505 1065 1545 etsi
1095 1512 1209 1545 recte
1239 1504 1353 1544 inter
1382 1504 1517 1545 bonos
1549 1517 1615 1543 re-

243 1587 376 1626 fertur
413 1587 468 1639 (n.
505 1600 614 1626 mus.
650 1584 792 1625 Rhen.
826 1584 961 1625 XVII
984 1584 1102 1637 295),
1136 1590 1280 1624 tamen
1310 1583 1420 1623 nihil
1441 1583 1615 1623 adiuuat

243 1679 341 1706 eum
371 1665 440 1705 cui
471 1664 694 1706 Vossianis
732 1664 793 1704 uti
834 1664 960 1705 liceat
1001 1670 1041 1704 et
1079 1677 1134 1704 ne
1173 1661 1405 1704 Heinsiani
1444 1662 1616 1715 quidem

242 1744 469 1785 utilitatem
502 1751 664 1797 aequat.

328 1824 396 1864 Ad
437 1823 744 1864 Vossianorum
783 1822 915 1876 igitur
953 1821 1201 1861 memoriam
1239 1822 1367 1862 uerba
1399 1820 1617 1861 Ciceronis

242 1903 453 1951 recensui,
487 1916 594 1955 quae
623 1901 708 1942 iam
739 1902 784 1941 in
816 1915 864 1941 eo
887 1900 1012 1949 libro,
1046 1900 1162 1941 unde
1184 1900 1339 1954 reliqui
1362 1901 1479 1941 ducti
1501 1907 1615 1948 sunt,

244 1982 362 2023 omni
401 1995 558 2035 genere
589 1980 790 2022 uitiorum
821 1981 1044 2033 inquinata
1073 1979 1339 2033 legebantur.
1404 1993 1449 2019 ac
1485 1979 1618 2019 multa

243 2061 415 2108 menda,
450 2060 611 2101 leuiora
641 2059 905 2113 praesertim,
952 2066 1208 2100 correctores
1249 2073 1393 2099 eorum
1433 2058 1618 2099 sustule-

243 2146 366 2189 runt,
418 2152 676 2192 quamquam
719 2139 850 2180 iidem
894 2138 1010 2179 haud
1048 2152 1139 2178 raro
1176 2138 1291 2178 bona
1332 2139 1618 2191 deprauarunt

244 2225 317 2259 aut
348 2225 548 2272 corrupta
588 2219 849 2272 corruptiora
892 2218 1120 2258 dederunt:
1170 2217 1252 2258 alia
1290 2218 1335 2258 in
1376 2217 1617 2258 Heinsiano

244 2298 470 2338 emendate
503 2298 657 2351 scripta
689 2304 804 2347 sunt,
838 2304 879 2337 et
908 2298 1019 2337 bona
1050 2310 1146 2350 pars
1168 2296 1393 2350 probarum
1417 2296 1618 2336 emenda-

244 2377 411 2417 tionum
454 2390 506 2417 ex
543 2376 636 2417 aliis
676 2376 797 2417 libris
836 2375 1052 2425 hauritur,
1099 2376 1171 2428 qui
1214 2375 1331 2416 nulla
1373 2375 1617 2416 auctoritate

245 2470 340 2496 eum
373 2462 539 2496 tantum
570 2469 697 2496 usum
726 2456 899 2505 habent,
932 2462 979 2495 ut
999 2469 1074 2508 per
1095 2462 1360 2508 grassantem
1382 2453 1618 2508 interpola-

243 2534 372 2575 tionis
404 2535 687 2576 temeritatem
719 2534 901 2574 subinde
932 2547 1032 2574 uere
1063 2534 1241 2574 inuenta
1272 2535 1518 2587 praebeant.
1573 2533 1617 2572 id

198 2631 202 2634 ·
242 2627 379 2666 genus
411 2613 632 2663 librorum,
666 2614 779 2667 quod
810 2620 976 2666 praeter
997 2613 1230 2654 Leidenses
1261 2612 1456 2661 adhibui,
1492 2612 1618 2651 dete-
