1779 2909
623 982 1012 1036 Praefatio.

221 1167 487 1219 Emendatio
518 1173 726 1213 librorum
758 1173 808 1212 de
840 1171 1008 1225 legibus
1040 1172 1124 1212 fide
1166 1172 1349 1212 duorum
1389 1172 1507 1213 codi-

134 1268 229 1294 cum
260 1253 569 1295 Vossianorum
599 1251 767 1301 nititur,
815 1265 997 1305 quorum
1028 1251 1101 1304 qui
1133 1260 1268 1292 aetate
1299 1251 1412 1306 prior
1444 1259 1507 1292 est

138 1333 350 1386 (84ε--Αὶ
397 1333 449 1373 ab
491 1346 636 1372 earum
683 1345 823 1371 rerum
864 1331 1012 1384 peritis
1059 1330 1286 1371 undecimo
1336 1330 1504 1371 saeculo

131 1412 312 1466 scriptus
345 1412 515 1461 dicitur,
550 1411 654 1452 alter
692 1411 904 1463 (86:13)
943 1410 1210 1451 duodecimo.
1275 1424 1345 1450 eos
1374 1409 1506 1450 libros

129 1491 383 1533 liberalitate
404 1491 595 1531 uirorum
616 1489 1094 1544 praestantissimorum,
1126 1489 1199 1543 qui
1220 1489 1506 1530 bibliothecae

132 1570 423 1611 uniuersitatis
454 1570 677 1611 Leidensis
714 1576 941 1623 praesunt,
986 1569 1070 1609 huc
1109 1570 1380 1610 transmissos
1411 1576 1508 1622 post

130 1651 314 1690 Bakium
331 1650 642 1703 Halmiumque
665 1650 807 1689 denuo
824 1649 993 1689 excussi
1009 1648 1338 1702 testimoniaque
1361 1661 1507 1688 eorum

129 1730 256 1784 plene
303 1738 345 1770 et
390 1728 618 1782 diligenter
663 1729 856 1782 exposui.
927 1742 1109 1781 quorum
1153 1728 1359 1768 librorum
1409 1742 1505 1767 cum

128 1808 407 1850 recentiorem
437 1823 526 1850 non
557 1822 648 1849 esse
680 1822 733 1848 ex
764 1808 896 1848 altero
926 1808 1187 1862 descriptum
1215 1814 1328 1847 certa
1348 1807 1507 1847 indicia

129 1889 347 1937 euincant,
383 1896 476 1928 tum
507 1902 561 1927 ex
592 1888 743 1928 eodem
773 1887 892 1928 fonte
923 1888 1071 1928 ambos
1100 1900 1296 1927 manasse
1323 1886 1506 1940 insignis

131 1982 277 2008 eorum
324 1968 370 2008 in
413 1968 612 2008 maximis
658 1965 932 2020 minimisque
979 1966 1214 2007 similitudo
1259 1965 1502 2020 persuadet.

131 2048 204 2088 sed
242 2056 422 2100 uterque
465 2047 599 2087 codex
642 2060 768 2086 suum
799 2054 999 2100 expertus
1030 2053 1094 2087 est
1125 2053 1416 2089 correctorem.
1483 2060 1507 2084 a

130 2127 285 2180 quibus
318 2141 426 2180 quae
457 2126 647 2180 profecta
678 2134 794 2175 sunt,
829 2126 934 2166 adeo
964 2125 1076 2166 inter
1098 2139 1141 2165 se
1165 2125 1426 2178 conspirant,
1461 2131 1507 2163 ut

130 2221 176 2247 ea
209 2220 379 2259 quoque
413 2207 593 2247 eandem
623 2219 724 2259 prae
745 2219 789 2246 se
810 2204 920 2245 ferre
943 2204 1153 2259 originem
1175 2204 1419 2244 uideantur.
1467 2210 1508 2243 et

128 2287 389 2327 Vossianum
418 2287 458 2326 A
489 2285 663 2339 quidem
696 2285 769 2338 qui
801 2284 1081 2339 perpurgauit
1111 2284 1255 2324 nescio
1288 2297 1373 2337 quo
1413 2282 1506 2323 ele-

127 2366 299 2418 gantiae
332 2365 474 2406 studio
505 2366 660 2406 ductus
691 2365 880 2405 radendo
902 2363 990 2404 fere
1013 2363 1253 2417 primitiuas
1277 2362 1506 2415 scripturas

129 2443 288 2485 deleuit
319 2454 360 2485 et
400 2445 476 2484 ubi
515 2444 587 2485 uel
625 2443 792 2484 litterae
831 2443 1076 2498 syllabaeue
1115 2442 1378 2483 correctione
1423 2441 1505 2481 de-

127 2524 251 2578 fungi
281 2532 438 2577 posset,
475 2537 600 2576 saepe
632 2531 720 2563 tota
749 2522 961 2563 uocabula
994 2522 1164 2562 abrasit.
1219 2520 1506 2571 uerecundius

128 2603 298 2643 alterius
329 2603 427 2643 libri
460 2611 668 2643 corrector
700 2615 871 2655 operam
902 2602 947 2641 in
980 2615 1027 2641 ea
1058 2614 1102 2640 re
1125 2599 1321 2653 sumpsit,
1356 2600 1401 2639 in
1425 2613 1508 2652 quo
