1779 2989
597 128 957 169 14‚14—5‚15
1444 120 1494 158 13

124 241 266 275 autem
298 241 384 274 tam
417 233 622 287 exiguum
653 247 781 285 quam
813 240 876 273 est
906 246 1064 272 munus
1097 232 1178 271 hoc
1209 244 1379 279 eorum,
1425 230 1499 282 qui

125 301 432 343 consuluntur?
473 315 733 354 quamquam
769 308 832 340 est
861 300 1020 354 populo
1052 299 1355 340 necessarium.
1419 311 1499 336 nec

123 384 224 410 uero
270 384 362 418 eos,
412 369 486 422 qui
527 369 565 409 ei
603 368 772 408 muneri
809 368 1112 422 praefuerunt,
1160 366 1353 406 uniuersi
1393 364 1497 404 iuris

122 437 254 478 fuisse
295 437 480 490 expertis
520 436 738 485 existimo,
790 437 864 475 sed
907 436 987 476 hoc
1029 435 1155 475 ciuile
1198 434 1312 487 quod
1342 438 1499 473 uocant

123 512 300 545 eatenus
332 511 628 553 exercuerunt,
654 504 794 556 quoad
814 504 974 557 populo
1003 510 1216 557 praestare
1237 501 1494 548 uoluerunt3
1517 510 1534 534 5

121 572 165 612 id
195 580 339 613 autem
370 573 415 612 in
447 571 691 625 cognitione
723 578 852 612 tenue
885 579 962 620 est,
1001 571 1047 611 in
1078 585 1161 610 usu
1190 568 1492 610 necessarium.

123 654 251 692 quam
292 641 345 680 ob
386 654 475 680 rem
515 654 598 693 quo
638 654 706 679 me
743 639 898 680 uocas?
946 646 1020 679 aut
1060 638 1164 691 quid
1202 635 1408 678 hortaris?
1450 642 1498 675 ut

119 707 286 748 libellos
319 708 541 748 conficiam
573 708 624 747 de
657 707 971 747 stillicidiorum
1003 721 1050 746 ac
1071 707 1123 746 de
1144 705 1356 759 parietum
1377 702 1494 743 iure?

121 790 175 815 an
206 782 255 816 ut
286 776 613 829 stipulationum
644 782 686 814 et
716 775 971 814 iudiciorum
1002 773 1206 814 formulas
1230 768 1494 825 conponam?

120 857 227 896 quae
260 849 301 883 et
331 843 569 895 conscripta
599 857 622 882 a
652 841 800 881 multis
831 848 932 881 sunt
953 841 1181 894 diligenter
1212 846 1253 880 et
1283 846 1383 879 sunt
1412 838 1496 877 hu-
1517 847 1550 874 ιο

119 911 285 951 miliora
317 925 444 963 quam
475 910 563 960 illa,
599 924 706 963 quae
739 924 763 949 a
792 909 916 949 nobis
949 908 1163 962 expectari
1192 915 1312 961 puto.

72 967 100 1010 5
206 980 412 1018 ATTICVS.
476 977 636 1030 Atqui,
680 977 716 1017 si
756 991 958 1030 quaeres,
1003 991 1081 1030 ego
1114 976 1217 1029 quid
1258 980 1492 1028 expectem,

56 1029 104 1064 15
121 1047 325 1099 quoniam
356 1045 563 1099 scriptum
595 1052 658 1085 est
688 1060 710 1085 a
741 1052 782 1086 te
804 1046 855 1085 de
877 1045 1037 1099 optimo
1059 1044 1119 1084 rei
1145 1043 1342 1097 publicae
1364 1048 1492 1090 statu,

121 1128 386 1167 consequens
419 1128 510 1154 esse
542 1113 714 1154 uidetur
744 1120 792 1152 ut
823 1113 979 1153 scribas
1012 1120 1058 1152 tu
1088 1111 1203 1151 idem
1226 1112 1277 1151 de
1297 1109 1490 1163 legibus:

120 1182 179 1222 sic
211 1182 326 1222 enim
356 1181 507 1222 fecisse
539 1182 666 1221 uideo
696 1181 920 1221 Platonem
951 1179 1074 1219 illum
1106 1187 1245 1227 tuum,
1290 1192 1416 1230 quem
1448 1184 1495 1216 tu
1517 1188 1547 1213 15

119 1249 364 1299 admiraris,
414 1264 542 1302 quem
583 1249 784 1289 omnibus
837 1247 1086 1301 anteponis,
1136 1260 1263 1300 quem
1309 1244 1495 1285 maxime

119 1317 262 1370 dih‘gis
269 1348 277 1356 .

119 1452 197 1474 corr
222 1424 371 1475 enini-e·
405 1440 447 1482 (72.
470 1452 497 1473 e.
528 1440 623 1474 enim
651 1439 739 1473 mihi
764 1442 827 1481 est>
848 1442 884 1473 A
910 1443 970 1472 eni
991 1440 1078 1473 mihi
1104 1440 1122 1473 e
1147 1440 1183 1473 B
1278 1437 1365 1482 quid
1385 1434 1496 1470 Hein-

119 1509 240 1542 smnus
265 1511 334 1553 qua
352 1510 427 1542 AB
501 1510 513 1541 1
544 1485 585 1542 e}
617 1507 767 1550 (uidetur
790 1520 833 1541 ex
849 1508 1028 1551 fuisseJB
1099 1491 1199 1541 eorum
1216 1508 1251 1539 A
1324 1506 1342 1537 2
1369 1515 1496 1549 quam-

121 1577 228 1610 quam
253 1565 440 1599 deteriores
451 1563 570 1609 pauci,
597 1564 774 1598 Turnebus
800 1567 868 1608 quir
885 1566 959 1598 AB
1053 1557 1243 1597 necessarffi
1262 1564 1298 1597 B
1369 1573 1496 1606 quain-

121 1634 227 1667 quam
248 1648 274 1655 ..
292 1649 298 1667 7
320 1621 560 1655 necessarium
586 1625 726 1654 auctore
743 1620 1028 1664 Rezjffersclzez'dw
1054 1620 1196 1653 uncz'nat
1215 1619 1393 1658 Baiterzcs,
1422 1630 1494 1650 ma-

120 1679 211 1712 xz'me
234 1690 275 1712 ne
303 1677 422 1712 Cicero
448 1677 535 1711 idem
562 1677 690 1711 itervm
716 1691 749 1711 u.
772 1679 791 1710 6
814 1677 971 1722 posuisse
996 1676 1177 1712 medactum
1204 1675 1264 1720 qui
1287 1679 1400 1709 tamen
1425 1686 1494 1708 ‘non

120 1735 294 1769 dubitauit
319 1735 466 1769 scribere
489 1735 639 1768 Oratore
661 1736 772 1775 21,(59
799 1735 947 1779 probare
974 1732 1197 1767 necessitatis
1223 1737 1289 1773 est,
1317 1731 1494 1765 delectare

121 1792 319 1833 suauitatis,
337 1792 480 1825 flectere
498 1791 690 1825 uictoriae:
710 1803 793 1824 nam
812 1791 856 1824 id
881 1801 1007 1824 unum
1033 1790 1085 1823 ad
1103 1788 1373 1823 obtinendas
1398 1799 1495 1821 cau-

120 1861 190 1882 sas
215 1853 365 1894 potest
390 1848 641 1893 plurimum.
686 1848 748 1881 sed
767 1854 855 1892 quot
873 1846 989 1881 officia
1007 1846 1168 1884 oratoris,
1188 1851 1243 1880 tot
1261 1850 1344 1878 sunt
1362 1855 1496 1888 genera

121 1905 274 1945 dicendi,
304 1905 433 1939 subtile
451 1905 487 1938 in
506 1904 708 1950 probando,
738 1904 918 1938 modicum
936 1903 972 1936 in
991 1903 1215 1943 delectando,
1243 1902 1439 1935 uehemens
1456 1900 1494 1933 in

121 1961 318 2003 flectend03
358 1962 402 1995 in
427 1973 509 2006 quo
535 1973 620 1995 uno
646 1961 714 1994 uis
741 1960 885 1994 omnis
912 1959 1106 1993 oratoris
1133 1964 1210 1992 est.
1254 1972 1315 1992 ozee
1340 1956 1495 1992 absimile

120 2019 212 2063 quod
226 2018 290 2051 hoe
307 2017 380 2062 ipso
397 2018 510 2062 capite
527 2020 559 2059 4,
578 2019 616 2050 12
629 2029 824 2062 paucorum
842 2016 1028 2051 interuallo
1047 2027 1211 2050 uersuum
1229 2014 1356 2060 Zeyitur
1368 2025 1493 2048 causa-

120 2087 198 2108 rum
214 2086 370 2120 operam,
389 2075 432 2108 ad
447 2086 553 2119 quam
568 2085 636 2118 ego
651 2085 847 2118 numquam
867 2073 933 2107 nisi
946 2078 1088 2117 paratus
1102 2077 1137 2105 et
1150 2072 1343 2105 meditatus
1361 2070 1492 2105 accedo

121 2135 155 2165 et
179 2131 321 2166 dicendi
339 2131 606 2175 cogitationem,
632 2131 708 2164 sine
728 2142 798 2174 qua
814 2130 859 2164 ad
877 2129 1013 2163 nullam
1033 2128 1204 2162 maiorem
1223 2139 1392 2173 umquam
1410 2138 1492 2160 cau-

120 2199 195 2222 sam
220 2200 298 2221 sum
325 2199 430 2222 ausus
457 2187 633 2229 accedere,
662 2199 808 2231 quorum
827 2185 918 2219 illud
932 2185 1041 2220 deleri
1055 2184 1152 2229 cupit
1168 2184 1307 2218 Balcius
1384 2185 1405 2216 4
1431 2194 1495 2217 ex-

119 2239 194 2302 pr‘is
214 2256 273 2290 sed
295 2267 307 2289 1
331 2267 408 2289 corr
432 2255 469 2289 ‘in
495 2267 513 2289 e
531 2258 565 2289 A
600 2238 721 2301 expr‘is
743 2255 779 2288 Β
801 2254 862 2288 sed
884 2266 895 2288 1
921 2253 1121 2298 ambz‘yzcum
1263 2254 1281 2285 5
1306 2251 1440 2297 populo
1459 2251 1494 2284 B

119 2312 254 2357 populu
278 2312 338 2346 sed
357 2324 435 2346 corr
459 2311 591 2357 populo
609 2315 645 2346 A
809 2313 828 2344 6
854 2311 891 2345 in
917 2310 1122 2356 cognitione
1155 2314 1264 2343 tenue
1294 2307 1494 2343 Oudendor-

113 2368 199 2413 pius
217 2371 251 2401 et
266 2368 476 2413 Dsaduz‘yius
493 2367 680 2402 Emendat.
697 2381 735 2413 p.
757 2370 776 2401 6
807 2369 896 2413 Opp.
915 2369 964 2402 H
977 2368 1039 2399 134
1065 2377 1244 2411 incogniti
1262 2365 1411 2399 detenui
1422 2364 1495 2396 AB

188 2424 315 2458 1nu*su
331 2428 367 2459 A
398 2423 525 2467 (fuisse
549 2425 665 2459 muisu
690 2424 839 2465 uidetur)
967 2425 984 2456 7
1013 2421 1144 2457 erraris
1156 2423 1193 2455 B
1311 2422 1329 2454 8
1356 2418 1491 2454 snlhm-

120 2494 221 2527 diorsi
240 2493 286 2534 B,
313 2492 486 2526 Halmius
503 2493 637 2526 errauit
753 2494 772 2525 9
798 2474 1085 2537 aflinpulanonfi
1112 2491 1148 2523 B
1242 2487 1417 2523 formulos
1437 2488 1497 2521 sed

120 2560 160 2595 as
181 2572 259 2594 corr
275 2561 310 2593 Β
381 2563 556 2604 compona
574 2559 609 2592 Β
683 2562 722 2593 10
748 2544 951 2604 ἕξιςῗῗοῑιρῂᾶ
968 2560 1004 2592 Β
1077 2559 1116 2591 12
1142 2540 1250 2602 adqui
1268 2559 1304 2592 Β
1383 2567 1495 2601 quae—

119 2618 167 2652 ris
191 2617 345 2651 Rathius
424 2618 464 2650 13
494 2624 626 2650 ·RI-P⁴
655 2619 691 2651 Β
726 2626 789 2651 ·R·
810 2629 844 2662 p.
874 2616 973 2650 sedR
990 2616 1027 2649 in
1046 2615 1154 2649 litura
1171 2617 1206 2648 A
1304 2614 1344 2646 14
1371 2610 1491 2646 eonse-
