1779 2989
237 129 261 169 8
761 135 1076 176 12‚6-—3‚8

237 240 456 289 Caelium,
501 240 573 280 sed
604 241 746 293 potius
779 241 831 280 ad
862 240 1134 293 antiquorum
1175 242 1424 293 languorem
1456 248 1495 281 et
1526 241 1600 280 in-

236 308 415 348 scitiam.
469 321 569 347 nam
602 307 704 360 quid
725 308 918 348 Macrum
950 323 1186 358 numerem,
1221 309 1342 348 cuius
1368 309 1601 361 loquacitas

235 375 363 415 habet
394 375 556 428 aliquid
587 375 864 428 argutiarum,
898 390 977 416 nee
1008 377 1051 416 id
1083 384 1225 416 tamen
1257 391 1309 416 ex
1339 376 1413 416 illa
1437 376 1600 416 erudita

236 442 499 483 Graecorum
521 443 641 496 copia
672 443 746 482 sed
777 457 830 483 ex
850 443 1075 484 librariolis
1099 444 1280 493 Latinis,
1314 444 1360 483 in
1392 444 1600 484 orationi—

201 521 216 544 5
234 510 314 550 bus
336 517 479 550 autem
500 510 656 550 multas
678 510 877 564 ineptias,
905 511 1030 551 elatio
1053 526 1262 552 summam
1283 512 1595 565 inpudentiam.

236 577 433 626 Sisenna,
472 578 563 617 eius
595 578 772 627 amicus,
814 592 961 618 omnes
993 579 1133 619 adhuc
1162 586 1328 620 nostros
1361 580 1598 632 scriptores,

234 645 317 685 nisi
348 645 421 698 qui
452 645 559 686 forte
589 646 783 685 nondum
813 646 1054 696 ediderunt,
1089 647 1140 686 de
1173 646 1329 700 quibus
1361 647 1601 687 existimare

234 727 321 752 non
351 727 594 767 possumus,
629 713 753 754 facile
785 714 1029 766 superauit,
1062 715 1097 754 is
1130 721 1273 755 tamen
1303 729 1444 767 neque
1466 723 1602 755 orator

234 780 280 820 in
310 795 488 820 numero
528 787 669 821 uestro
710 795 915 834 umquam
957 788 1021 822 est
1059 783 1230 823 habitus
1272 790 1314 822 et
1352 783 1397 822 in
1428 782 1601 822 historia

187 858 218 884 10
237 848 401 902 puerile
433 849 635 902 quiddam
665 856 946 900 consectatur,
981 857 1029 890 ut
1059 865 1196 890 unum
1225 850 1489 891 Clitarehum
1519 865 1602 890 ne-

235 930 317 969 que
347 923 564 970 praeterea
605 931 863 970 quemquam
902 918 954 957 de
986 918 1162 958 Graecis
1201 917 1356 971 legisse
1388 919 1599 966 uideatur,

235 998 333 1024 eum
364 991 507 1024 tamen
538 984 649 1024 uelle
682 985 782 1024 dum
824 992 940 1024 taxat
970 986 1149 1026 imitari:
1196 1000 1323 1039 quem
1362 987 1395 1026 si
1427 986 1602 1039 adsequi

234 1059 392 1105 posset,
435 1052 705 1105 aliquantum
736 1053 788 1092 ab
820 1060 994 1106 optumo
1026 1060 1171 1093 tamen
1202 1054 1381 1094 abesset.
1446 1068 1529 1107 qua
1560 1068 1603 1093 re

235 1126 357 1159 tuum
389 1127 451 1160 est
482 1134 639 1160 munus
665 1120 760 1169 1100,
796 1135 819 1160 a
850 1127 890 1160 te
913 1128 1175 1174 expectatur,
1209 1121 1294 1160 nisi
1316 1121 1418 1174 quid
1440 1121 1602 1164 Quinto

183 1197 216 1222 15
234 1187 404 1228 uidetur
435 1202 570 1228 secus.

1627 312 1645 345 xl

1624 1232 1651 1275 3

319 1257 533 1299 QVINTVS.
596 1255 706 1295 Mihi
737 1270 838 1296 uero
869 1256 999 1305 nihil,
1034 1263 1076 1296 et
1107 1271 1232 1310 saepe
1264 1257 1316 1296 de
1345 1257 1425 1297 isto
1458 1256 1604 1296 001110-
1627 1294 1648 1329 S

234 1323 320 1363 cuti
351 1337 524 1372 sumus3
559 1324 632 1364 sed
664 1331 726 1363 est
749 1324 957 1376 quaedam
987 1324 1099 1364 inter
1119 1339 1197 1365 nos
1222 1339 1355 1377 parua
1376 1324 1598 1364 dissensio.

318 1392 522 1431 ATme-s.
588 1391 709 1434 Quae
731 1390 928 1431 tandem?

319 1459 532 1502 QVINTVS.
597 1460 635 1498 A
659 1460 815 1512 quibus
846 1460 1108 1513 temporibus
1136 1460 1347 1500 scribendi
1369 1459 1507 1512 capiat
1529 1473 1602 1498 ex-

227 1564 313 1603 puto
345 1571 405 1592 nec
429 1561 503 1594 sine
534 1564 639 1604 [fruta
670 1562 818 1604 quadam
853 1564 886 1593 et
910 1561 1130 1594 conuenienti
1158 1562 1237 1594 huic
1268 1560 1456 1594 sententiae
1489 1560 1604 1593 irom'u

233 1615 381 1657 dicaam,
419 1621 457 1650 ut
485 1628 552 1650 uon
585 1616 649 1658 sit,
686 1616 778 1660 quod
806 1617 845 1650 de
880 1617 993 1650 Gellio
1022 1618 1078 1650 uel
1117 1618 1258 1660 Galliis,
1297 1628 1443 1662 quorum
1479 1628 1601 1651 nomen

233 1684 274 1706 ex
312 1671 399 1707 belli
438 1685 506 1707 non
540 1672 625 1706 bello
646 1675 776 1719 fictzcm
813 1673 883 1706 illis
921 1674 1049 1707 duobus
1082 1673 1262 1718 praemitti
1293 1673 1458 1707 nonnulli
1487 1674 1602 1707 uolue-

232 1733 332 1769 runt,
371 1730 547 1774 operosius
586 1734 779 1774 quaeratur
922 1731 934 1762 1
979 1731 1093 1764 coeln'l
1126 1733 1160 1764 Α
1301 1730 1445 1773 langore
1489 1733 1524 1764 A

233 1809 269 1830 111
287 1796 290 1840 Ι
308 1796 445 1832 solmam
486 1797 546 1832 sed
583 1810 600 1831 c
639 1809 718 1830 corr
759 1809 798 1830 ex
837 1810 855 1830 τ
895 1798 930 1830 B
1069 1800 1088 1830 2
1129 1798 1228 1842 nam]
1269 1781 1310 1832 ’Νῑᾶ
1344 1799 1380 1831 B
1524 1797 1602 1831 Ma-

233 1865 330 1887 crum
352 1854 498 1888 Carolus
521 1853 686 1899 Siyom'us
712 1856 796 1888 aerii
818 1855 895 1888 AB
1009 1853 1234 1899 loquacrrasa
1265 1854 1325 1889 sed
1347 1853 1463 1888 acuas
1484 1854 1518 1887 iu
1545 1866 1601 1886 ra-

232 1922 317 1943 sura
333 1911 368 1943 B
476 1913 496 1943 4
521 1912 675 1955 grecorff
695 1913 728 1943 A
847 1913 865 1943 5
892 1911 1022 1944 multas
1048 1911 1200 1956 ineptias
1225 1911 1409 1946 deteriores
1426 1911 1599 1951 nonnulli,

232 1978 279 2011 R.
300 1978 497 2022 Stephanus
521 1957 823 2029 multas&1ne1)rus
844 1979 923 2011 AB
1107 1979 1217 2013 elatio
1249 1979 1352 2013 codex
1376 1979 1412 2012 S.
1443 1977 1599 2018 Victoris,

233 2046 278 2079 R.
301 2046 498 2090 Stephanus
524 2047 624 2080 dano
641 2047 678 2079 B
703 2047 804 2080 dacio
830 2047 890 2080 secl
912 2058 929 2079 0
955 2050 1126 2080 mutatum
1154 2047 1191 2080 ‘in
1215 2059 1233 2080 τ
1257 2048 1291 2079 Α
1424 2045 1522 2080 suma
1546 2058 1600 2079 m-

233 2105 409 2159 pudenn'a
430 2113 520 2159 (fuit
549 2113 730 2158 utrobique
747 2118 775 2151 a]
792 2117 825 2147 A
858 2113 993 2147 summa
1011 2108 1259 2159 mpudenuan'u
1278 2114 1314 2147 B
1381 2114 1602 2159 impudentia

234 2170 388 2203 cuiusuis
406 2170 459 2203 rei
478 2174 544 2212 est,
580 2182 668 2218 quae
690 2172 825 2204 modum
849 2170 1004 2204 excedat:
1041 2173 1226 2216 coqferaele
1254 2175 1343 2205 orat.
1373 2171 1451 2203 HI
1464 2172 1520 2211 43,
1540 2172 1602 2203 169

234 2226 414 2260 abutimur
445 2239 550 2272 saepe
583 2227 689 2261 etiam
721 2228 834 2261 uerbo
867 2239 939 2261 non
970 2232 1043 2261 tam
1075 2228 1257 2271 eleganter
1291 2239 1396 2272 quam
1424 2227 1460 2260 in
1485 2231 1605 2260 trans-

234 2282 395 2323 ferendo,
425 2284 487 2317 sed
512 2283 651 2318 etiamsi
676 2284 840 2318 licentius
858 2288 977 2317 tamen
1004 2284 1182 2318 interdum
1201 2296 1274 2318 non
1300 2283 1601 2329 impudenter:

234 2339 293 2371 cui
316 2340 495 2384 respondet
517 2352 558 2374 ex
581 2341 694 2374 altera
710 2344 816 2384 parto
839 2340 1055 2374 uerecundia
1082 2341 1175 2373 uelut
1205 2340 1466 2374 translationis:
1500 2339 1600 2372 Orat.

234 2396 288 2437 24,
304 2398 340 2428 Sl
370 2396 481 2430 Jahn.
632 2398 652 2429 6
678 2395 844 2430 β1111011111
862 2399 896 2429 Α
1007 2395 1048 2430 e1‘
1069 2399 1102 2429 A
1131 2390 1231 2441 rielus
1249 2398 1284 2430 B
1308 2396 1410 2431 meus
1428 2396 1604 2429 Corradus

234 2451 309 2484 coll.
331 2452 436 2485 Brut.
452 2454 506 2494 75,
522 2453 586 2485 260
728 2452 912 2498 scriptoris
934 2465 1012 2487 corr
1037 2452 1076 2487 es
1094 2454 1172 2486 AB
1349 2456 1368 2487 8
1396 2451 1609 2498 superamus

233 2519 357 2541 tamen
375 2511 411 2543 B
418 2521 466 2553 pr
537 2511 556 2542 9
581 2494 739 2554 nistoria
757 2511 792 2544 B
866 2511 905 2543 10
931 2510 1062 2555 puerili
1087 2522 1165 2544 corr
1190 2510 1236 2544 ile
1254 2511 1289 2543 A
1367 2511 1552 2544 clitarcum
1568 2512 1603 2543 A

234 2564 435 2598 chrharchff
453 2568 488 2600 B
609 2567 645 2598 11
675 2565 837 2610 grefflsA
967 2568 1006 2598 13
1033 2567 1232 2601 adobtumo
1251 2569 1286 2601 B
1404 2567 1444 2598 14
1470 2566 1537 2600 1100
1557 2584 1562 2591 -
1585 2578 1603 2599 a

232 2632 270 2653 ‘te
289 2621 325 2654 B
420 2623 457 2653 17
486 2621 593 2656 fimus
605 2624 641 2656 B
754 2624 791 2655 19
817 2635 935 2668 caplar
952 2623 1022 2657 AB
1045 2623 1104 2658 secl
1120 2635 1198 2656 corr
1220 2622 1331 2663 (etium
1351 2621 1388 2654 in
1404 2623 1448 2663 Α,
1485 2619 1604 2667 capia}
