1779 2989
1419 158 1481 185 VH

109 274 157 307 ut
187 273 427 319 temporum
467 263 623 304 iniuria
655 262 871 316 culpanda
912 262 991 309 sit,
1036 273 1118 313 qua
1157 273 1230 313 per
1260 258 1481 299 interitum

109 332 417 387 nonnullorum
456 341 673 395 archetypi
712 341 868 381 codicis
909 340 1109 381 foliorum
1150 346 1235 379 tam
1273 337 1319 377 in
1365 336 1481 377 exitu

110 424 248 478 operis
281 438 304 464 a
335 423 540 463 Cicerone
572 420 745 474 quidem
776 419 959 460 absoluti
991 432 1118 471 quam
1149 418 1195 457 in
1231 416 1381 457 mediis
1424 415 1483 455 li—

109 504 197 544 bris
228 501 527 556 superstitibus
566 499 746 540 maiores
785 499 1028 539 minoresue
1066 504 1205 551 partes
1247 494 1483 536 intercide-

110 583 216 622 rint:
260 581 416 621 deinde
446 587 495 620 ut
525 593 613 619 non
646 586 732 619 tam
762 577 1055 618 inconsultum
1086 574 1330 617 correctoris
1372 574 1484 613 arbi-

110 662 239 701 trium
294 673 420 713 quam
470 657 783 698 inconsiderata
840 656 1109 696 librariorum
1160 654 1325 695 incuria
1375 653 1484 693 hanc

113 739 297 793 speciem
328 739 571 792 procrearit,
610 737 683 790 qui
714 737 760 776 in
794 749 887 776 eam
919 735 1102 775 maxime
1133 741 1296 788 partem
1326 746 1485 786 pecca-—

112 819 268 867 uerint,
303 824 351 858 ut
383 817 615 857 earundem
646 815 908 855 similiumue
939 828 1095 854 uocum
1125 820 1197 853 aut
1229 812 1487 867 syllabarum

112 896 365 951 repetitione
411 895 579 948 decepti
624 908 749 935 uoces
797 893 989 947 singulas
1042 899 1114 933 aut
1168 875 1295 933 etiam
1345 891 1487 944 plures

114 984 242 1029 atque
280 976 382 1015 adeo
424 981 531 1014 totas
572 973 806 1014 sententias
846 972 1068 1013 scribendo
1109 972 1365 1012 omitterent.
1440 983 1488 1010 ea

114 1056 245 1109 igitur
280 1054 481 1095 medendi
519 1053 590 1093 uia
628 1066 729 1106 prae
767 1052 916 1093 ceteris
958 1051 1111 1104 ecquid
1142 1050 1318 1091 forsitan
1350 1048 1486 1103 profi-

115 1148 253 1175 cerem
296 1132 560 1187 periclitatus
606 1146 726 1181 sum,
780 1145 907 1184 quam
952 1130 1042 1184 ipsa
1089 1129 1292 1170 uitiorum
1336 1136 1487 1168 natura

115 1213 412 1254 commendare
444 1211 694 1259 uidebatur,
738 1211 894 1263 quibus
936 1209 1055 1250 nulla
1094 1208 1381 1261 frequentiora
1411 1207 1487 1247 hos

115 1293 244 1333 libros
278 1304 505 1345 occupasse
535 1290 842 1331 Vossianorum
874 1287 1118 1329 testimonia
1147 1288 1276 1327 fidem
1306 1287 1485 1327 faciunt.

117 1370 416 1424 opinationum
447 1376 591 1410 autem
622 1368 864 1423 congeriem
894 1368 946 1408 iis
968 1367 1129 1408 finibus
1161 1366 1486 1419 circumscripsi,

117 1456 166 1490 ut
197 1463 266 1490 eas
297 1462 501 1503 ponerem
532 1462 651 1501 quas,
695 1448 773 1488 etsi
805 1461 955 1488 uerum
986 1447 1057 1488 uel
1087 1445 1178 1487 ueri
1208 1453 1371 1499 partem
1403 1458 1491 1485 non

121 1542 211 1570 esse
242 1535 457 1569 assecutae
489 1528 763 1576 uiderentur,
805 1533 948 1567 tamen
978 1540 1066 1566 non
1098 1526 1189 1566 sine
1230 1526 1370 1566 fructu
1411 1524 1490 1564 ali-

116 1623 198 1661 quo
231 1607 467 1648 accuratius
498 1607 707 1660 perpendi
738 1606 972 1646 arbitrarer.
1036 1605 1322 1657 quoniamque
1353 1618 1376 1643 a
1408 1617 1491 1642 no-

117 1687 304 1727 uissimis
335 1687 593 1735 editoribus,
636 1685 837 1734 Halmio,
883 1684 1078 1733 Baitero,
1121 1698 1301 1737 quorum
1333 1682 1491 1723 iudicio

118 1766 300 1806 multum
346 1766 530 1806 tribuere
577 1764 717 1814 soleo,
772 1763 950 1817 aliisque
997 1763 1100 1803 uiris
1146 1763 1278 1803 doctis
1324 1761 1492 1815 saepius

118 1844 225 1885 mihi
256 1844 564 1885 discedendum
596 1857 687 1884 esse
718 1843 835 1892 uidi,
878 1843 963 1882 mei
994 1842 1168 1896 pudoris
1201 1856 1292 1882 esse
1324 1840 1488 1895 putaui,

120 1937 266 1964 eorum
306 1924 540 1964 sententias
582 1923 667 1963 nisi
704 1923 939 1963 rationibus
981 1921 1119 1961 allatis
1167 1935 1255 1961 non
1300 1920 1487 1960 reiicere.

119 2002 233 2056 quod
263 2002 510 2043 institutum
542 2016 639 2042 cum
669 2001 879 2042 breuitate
910 2001 966 2040 ita
989 2001 1124 2049 tenui,
1158 2007 1207 2040 ut
1227 1999 1492 2052 recognitum

121 2096 143 2121 a
174 2095 242 2122 me
274 2088 436 2122 textum
467 2081 625 2135 passim
657 2081 917 2134 argumentis
955 2088 995 2120 et
1037 2079 1242 2133 exemplis
1283 2078 1493 2119 declarare

121 2167 249 2213 atque
281 2161 533 2201 confirmare
564 2160 791 2200 studerem.

207 2285 373 2325 Dabam
400 2284 681 2325 Vindobonae
712 2299 814 2325 non.
851 2283 1133 2337 Septembrib.
1170 2297 1205 2323 a.
1242 2294 1487 2323 MnccoLXX.
