1779 2989
667 177 679 202 1
713 170 936 212 8524—25
1438 167 1484 205 21

121 274 314 315 extitisse
338 275 554 327 quandam
575 276 866 316 maturitatem
899 277 1067 316 serendi
1090 278 1260 330 generis
1293 278 1488 327 humaui,

121 343 235 396 quod
267 357 460 397 sparsum
491 344 536 383 in
568 351 696 384 terras
730 351 858 397 atque
890 351 1031 384 satum
1063 345 1212 385 diuino
1236 353 1410 386 auctum
1442 347 1496 386 sit

119 411 361 452 animorum
402 425 605 461 munere,
650 426 866 465 quomque
909 412 993 452 alia
1033 414 1190 466 quibus
1223 414 1496 454 cohaererent

120 479 315 520 homines
357 493 378 519 e
419 480 588 520 mortali
633 494 790 533 genere
837 480 1123 534 sumpserint,
1174 495 1283 534 quae
1329 481 1496 534 fragilia

120 554 261 587 essent
292 553 333 587 et
355 547 528 596 caduca,
563 548 756 588 animum
779 563 870 588 esse
901 549 1201 601 ingeneratum
1233 564 1256 589 a
1287 550 1380 589 deo.
1446 563 1498 590 ex
1517 566 1531 589 t>

120 628 203 666 quo
236 628 336 654 uere
366 615 436 654 uel
469 616 640 668 agnatio
672 616 796 656 nobis
830 631 927 656 cum
960 617 1214 658 caelestibus
1256 618 1327 658 uel
1358 631 1495 671 genus

120 682 191 721 uel
237 683 362 736 stirps
409 684 614 736 appellari
660 692 814 737 potest.
878 685 1023 737 itaque
1070 700 1120 725 ex
1167 692 1228 725 tot
1266 685 1495 738 generibus

120 750 290 790 nullum
324 757 387 791 est
418 751 576 791 animal
608 759 773 805 praeter
803 752 1039 802 hominem,
1075 753 1189 806 quod
1207 753 1361 793 habeat
1383 753 1496 793 noti-

120 818 223 858 tiam
255 819 444 872 aliquam
475 819 559 868 dei,
594 819 784 873 ipsisque
806 820 852 861 in
874 819 1122 860 hominibus
1145 820 1263 860 nulla
1297 835 1402 873 gens
1435 828 1497 860 est

121 900 260 939 neque
293 894 379 926 tam
410 895 632 927 mansueta
664 902 805 941 neque
837 895 924 927 tam
955 887 1059 937 fera,
1096 903 1204 941 quae
1236 903 1339 937 non,
1366 889 1494 928 etiam
1517 908 1547 931 10

122 955 157 994 si
189 954 357 1008 ignoret
389 955 559 1008 qualem
590 956 745 996 habere
787 957 915 996 deum
947 957 1108 1006 deceat,
1144 964 1287 997 tamen
1329 957 1494 997 haben-

57 1023 107 1060 25
124 1023 228 1062 dum
261 1023 379 1063 sciat.
445 1038 497 1064 ex
529 1038 612 1077 quo
636 1024 819 1065 efficitur
840 1025 964 1073 illud,
1000 1032 1047 1064 ut
1067 1025 1103 1064 is
1126 1032 1328 1078 agnoscat
1350 1025 1494 1073 deum,

126 1091 215 1144 qui,
275 1092 390 1132 unde
437 1098 552 1132 ortus
600 1093 668 1142 sit,
725 1092 848 1145 quasi
898 1093 1140 1132 recordetur
1190 1099 1228 1133 et
1277 1098 1492 1146 agnoscat.

117 1206 240 1249 confer
269 1205 368 1238 Taso.
404 1205 437 1238 V
459 1206 513 1242 24.
544 1207 585 1239 69
623 1206 734 1240 totius
761 1206 887 1240 mundi
912 1212 1030 1239 motus
1057 1207 1387 1250 conuersionesque
1413 1217 1493 1250 per-

119 1260 286 1306 spexerit.
331 1262 370 1294 de
404 1265 479 1295 nat.
516 1263 607 1296 deor.
644 1264 693 1297 II
718 1265 749 1305 5,
786 1264 826 1295 15
860 1262 1156 1307 aequabilitatem
1190 1268 1309 1296 motus
1343 1274 1493 1297 conuer—

117 1317 331 1362 sionunique
350 1318 457 1352 caeli:
486 1318 534 1352 sic
553 1318 641 1352 enim
665 1322 752 1364 puto
778 1322 869 1354 recte
892 1318 1000 1352 scribi
1022 1330 1110 1363 quae
1127 1319 1318 1353 traduntur
1343 1330 1496 1353 conuer-

117 1375 254 1409 sionem
280 1375 367 1410 caeli
378 1389 387 1415 ;
415 1376 538 1409 ibidem
570 1378 619 1410 II
638 1378 690 1417 25,
726 1378 768 1410 64
802 1387 944 1410 cursum
987 1381 1022 1410 et
1055 1376 1327 1425 conuersionem
1361 1376 1493 1420 spatio-

117 1454 193 1476 rum
220 1455 260 1477 ac
284 1449 486 1488 temporum
616 1446 627 1477 1
658 1445 842 1479 exnfflsse
868 1447 903 1479 A
929 1427 1056 1479 extil'se
1082 1446 1117 1479 B
1205 1447 1222 1477 2
1249 1422 1389 1490 ¹parsum
1415 1447 1448 1478 A

118 1499 234 1533 samm
251 1500 561 1534 corr-Heinsimms
578 1500 714 1535 fac-tuni
733 1503 810 1537 AB
929 1503 946 1534 3
966 1513 1107 1536 muneri
1122 1504 1212 1543 (corr
1229 1512 1389 1536 munere,
1413 1503 1446 1533 A
1458 1503 1492 1536 B

162 1560 341 1613 >cunique
381 1568 563 1602 Turnebus
595 1547 727 1619 qndxgssrq
767 1569 802 1610 (ἃ
825 1581 904 1604 corr
936 1581 978 1603 ex
1011 1575 1044 1611 u>
1081 1573 1116 1605 A
1142 1546 1325 1620 quamque?
1345 1572 1380 1604 B

119 1635 188 1670 alia
225 1636 354 1681 quibus
391 1638 606 1672 Ascensicma
643 1637 824 1682 aliquibus
852 1638 934 1673 AB
1097 1622 1270 1689 eohgrreem
1302 1640 1336 1672 A
1378 1638 1495 1680 colhe-

118 1705 203 1727 rent
226 1695 262 1728 B
401 1696 421 1727 4
447 1695 639 1728 sumserint
663 1695 696 1727 A
839 1707 908 1740 que
933 1706 1011 1728 σονν
1036 1707 1105 1745 que
1130 1695 1166 1728 B
1295 1694 1436 1739 flagiCia
1461 1696 1497 1730 B

121 1750 263 1794 fragilia
288 1752 323 1783 A
349 1750 408 1784 secl
430 1763 447 1785 r
472 1755 503 1785 et
529 1751 540 1785 l
565 1762 643 1784 corr
738 1753 755 1783 7
784 1752 889 1797 stirps
915 1751 1081 1785 editiones
1106 1752 1228 1797 stirpis
1250 1753 1333 1786 AB
1397 1751 1494 1797 apel-

121 1807 186 1840 lari
210 1808 244 1839 A
338 1809 504 1842 Formam
531 1808 720 1842 sententiae
752 1820 795 1842 ex
821 1820 891 1854 quo
921 1836 956 1843 ..
986 1808 1156 1854 appellari
1187 1813 1308 1854 potest
1340 1807 1494 1843 illustrat

120 1863 331 1909 IVIadzcigsius
348 1864 496 1898 Emencl.
519 1863 665 1898 Limum.
678 1878 716 1910 2).
741 1866 805 1898 367
879 1866 898 1898 8
917 1865 1103 1900 habeat÷*
1132 1868 1183 1906 (at
1199 1877 1277 1900 corr
1293 1865 1329 1898 in
1348 1875 1490 1905 rasura,

111 1920 190 1965 fuit
223 1925 262 1954 ut
295 1921 432 1956 uidetur
464 1921 571 1955 hab&
605 1922 666 1961 ad>
706 1923 742 1956 B
781 1922 942 1956 habeat*
979 1925 1039 1963 (at
1069 1934 1147 1956 corr
1178 1934 1219 1956 ex
1251 1925 1285 1963 τ)
1322 1925 1356 1956 A

125 1978 144 2009 9
178 1977 335 2022 aliquam
369 1978 436 2012 dei.
478 1978 636 2023 ipsisque
670 1978 707 2012 in
739 1978 946 2013 hominibus
981 1979 1028 2013 R.
1065 1979 1262 2024 Stephanus
1294 1978 1415 2022 aliqua
1448 1978 1492 2011 de

122 2034 208 2079 ipsis
230 2046 318 2079 quin
344 2034 514 2073 hominib;
548 2036 584 2069 B
610 2046 660 2079 pr
686 2035 806 2080 aliqua
843 2036 986 2070 demae*
1025 2047 1112 2080 quin
1149 2036 1321 2073 hominm
1359 2045 1438 2068 corr
1463 2034 1498 2068 B

122 2102 289 2147 aliquade
306 2104 308 2147 Ι
327 2116 469 2136 *ww*
482 2115 530 2136 s*
566 2101 890 2154 -asstr-ho-ffi-isi-i-bu-s-
910 2106 961 2146 A,
1003 2104 1040 2138 in
1071 2115 1199 2137 rasura
1232 2104 1275 2137 de
1312 2103 1397 2148 ipsis
1413 2103 1499 2147 sere

121 2172 340 2214 aynesmlnr:
382 2172 425 2207 de
471 2171 538 2214 (sic)
584 2174 621 2205 in
661 2172 756 2207 exim
796 2185 918 2208 uersas
958 2171 1099 2206 uidetur
1135 2183 1204 2206 non
1235 2170 1355 2216 prima
1391 2181 1499 2204 manu

119 2239 286 2284 scriptum
320 2252 389 2274 esse
498 2218 661 2286 niillssi'ff'gst
692 2244 727 2276 A
778 2243 817 2275 10
836 2232 1050 2285 mansu&a1ii
1075 2241 1110 2273 B
1141 2229 1330 2274 mansueta
1362 2242 1396 2274 A
1444 2238 1501 2272 De

121 2295 230 2330 dimin.
260 2299 288 2331 Ι
308 2299 336 2339 1,
369 2298 387 2329 2
414 2303 559 2342 gentem
585 2297 729 2342 quidem
756 2298 891 2332 nullam
917 2297 1023 2332 uideo
1049 2308 1166 2342 neque
1197 2302 1271 2331 tam
1305 2296 1500 2330 humanam

123 2361 230 2398 atque
256 2354 398 2388 doctam
423 2366 540 2399 neque
565 2361 637 2389 tam
664 2355 857 2388 immanem
883 2360 1029 2399 tamque
1054 2354 1262 2420 barbaramd,
1300 2364 1390 2398 quae
1426 2364 1499 2386 nori

1261 2404 1316 2420 eum

123 2421 316 2465 significari
350 2422 467 2456 futura
495 2451 501 2456 .
533 2450 539 2456 .
569 2431 711 2457 censeat
831 2424 870 2456 12
896 2405 1269 2467 illidgiihisagnoscar*
1302 2421 1499 2466 qui*unde

127 2481 176 2517 (ar
200 2477 235 2510 in
262 2490 391 2512 rasura
409 2491 487 2513 corr
503 2491 543 2512 ex
560 2491 630 2512 uns
647 2483 684 2513 ut
701 2478 846 2520 uidetur)
870 2480 905 2511 A
980 2480 1019 2512 13
1046 2491 1065 2512 o
1090 2479 1153 2512 ‘tus
1174 2490 1253 2512 corr
1278 2478 1382 2512 ortus
1396 2480 1431 2511 A

122 2535 328 2570 recordetur
339 2541 374 2570 et
387 2540 557 2581 agnoscat
572 2536 763 2578 Turnebus,
781 2536 827 2569 R.
842 2537 1041 2580 Stephanus
1057 2534 1501 2579 recordeturjagnoscatA

121 2603 332 2638 recordetur
356 2588 575 2653 cognoslcar
607 2604 642 2636 B
671 2604 725 2648 Qf.
756 2605 792 2637 z'n
818 2603 936 2637 Pz'son.
973 2605 1004 2644 6,
1036 2605 1075 2636 12
1110 2603 1185 2648 ipse
1212 2607 1306 2637 certe
1332 2607 1503 2646 agnoscet

123 2677 159 2705 et
191 2683 269 2706 cum
303 2671 424 2717 aliquo
457 2672 580 2706 dolore
612 2671 831 2716 flagitiorum
866 2682 1011 2705 suorum
1048 2670 1310 2705 recordabitur.
1352 2669 1451 2704 Taso.
1482 2671 1510 2704 I
