1779 2989
115 1299 162 1332 15

722 163 819 207 116,
845 164 1005 197 14—i5
1498 160 1550 199 69

178 281 349 313 senatus
381 279 542 326 puncto
574 272 775 325 temporis
808 272 1000 312 sublatae
1032 271 1140 311 sint:
1185 270 1255 310 lex
1287 278 1429 310 autem
1459 271 1548 320 illa,

178 342 298 381 cuius
330 341 420 380 uim
451 339 679 393 explicam,
714 354 854 393 neque
886 339 977 379 tolli
1009 353 1149 392 neque
1171 338 1364 392 abrogari
1394 346 1547 392 potest.

264 410 478 452 QVINTVS.
555 408 640 448 Eas
682 415 728 447 tu
773 408 905 461 igitur
949 408 1065 461 leges
1112 407 1280 460 rogabis
1331 406 1547 455 uidelicet,

178 491 286 529 quae
317 490 554 529 numquam
585 476 857 528 abrogentur.

261 545 458 584 MARCVS.
523 545 669 593 Certe,
715 544 749 583 si
787 545 912 584 modo
945 551 1141 597 acceptae
1174 558 1197 583 a
1229 543 1395 583 duobus
1427 542 1551 583 uobis

177 620 316 652 erunt.
381 612 470 661 sed,
505 619 553 651 ut
587 612 654 651 uir
685 612 956 652 doctissimus
995 612 1097 652 fecit
1126 612 1248 651 Plato
1281 618 1408 664 atque
1438 611 1552 650 idem

177 679 456 733 grauissimus
496 680 850 734 philosophorum
890 680 1107 729 omnium,
1158 680 1232 733 qui
1272 680 1468 732 princeps
1500 679 1552 718 de

177 763 220 788 re
254 748 428 802 publica
474 748 724 801 conscripsit
768 748 967 802 idemque
1014 748 1241 801 separatim
1287 748 1339 787 de
1385 746 1552 799 legibus

179 816 295 866 eius,
339 816 382 856 id
421 816 528 856 mihi
570 816 692 855 credo
731 830 821 855 esse
852 815 1125 865 faciundum,
1168 822 1231 864 ut,
1274 815 1393 868 prius
1425 827 1554 866 quam

178 884 315 937 ipsam
345 884 485 937 legem
517 884 706 933 recitem,
741 884 793 923 de
825 883 915 923 eius
946 883 1055 936 legis
1084 883 1212 923 laude
1244 883 1404 930 dicam3
1439 881 1553 934 quod

176 951 291 991 idem
323 958 364 991 et
396 951 630 992 Zaleucum
670 958 712 991 et
743 951 1015 991 Charondam
1053 951 1205 991 fecisse
1236 951 1388 999 uideo,
1424 963 1554 1002 quom

178 1020 351 1072 quidem
381 1019 446 1059 illi
476 1034 565 1060 non
597 1020 726 1059 studii
759 1027 799 1059 et
830 1019 1141 1068 delectationis,
1177 1019 1251 1059 sed
1275 1019 1336 1058 rei
1356 1017 1554 1072 publicae

179 1102 304 1128 causa
334 1088 450 1127 leores
482 1088 729 1128 ciuitatibus
771 1089 858 1128 suis
896 1088 1179 1140 scripserunt:
1225 1101 1331 1140 quos
1362 1086 1553 1126 imitatus

178 1156 301 1195 Plato
333 1156 535 1196 uidelicet
566 1156 646 1196 hoc
688 1170 857 1208 quoque
888 1155 995 1208 legis
1027 1156 1198 1209 putauit
1230 1169 1336 1204 esse,
1370 1167 1553 1208 persua-

182 1224 279 1264 dere
311 1224 489 1276 aliquid,
524 1239 611 1264 non
643 1225 787 1264 omnia
817 1226 862 1265 ui
894 1238 940 1263 ac
971 1223 1100 1263 minis
1133 1237 1296 1276 cogere.

270 1292 484 1334 QVINTVS.
549 1291 689 1334 Quid?
723 1293 836 1345 quod
858 1291 1094 1331 Zaleucum
1115 1293 1245 1332 istum
1267 1297 1397 1344 negat
1417 1289 1556 1328 ullum

178 1360 311 1400 fuisse
343 1360 572 1400 Timaeus?

181 1507 320 1549 .ςιι)·(ι)ᾼ
389 1508 579 1552 presertim
605 1510 638 1541 A
711 1508 729 1539 2
755 1490 953 1551 potest-eis
973 1508 1009 1541 B
1080 1510 1098 1539 3
1125 1506 1271 1550 rogabis
1298 1508 1331 1550 (g
1356 1508 1389 1537 et
1413 1505 1435 1538 b
1462 1516 1551 1544 corr,

182 1565 318 1598 uidetur
334 1563 608 1607 rocauisfzcisse)
626 1566 660 1598 A
686 1563 792 1608 rogas
805 1564 840 1596 B
935 1565 953 1595 5
981 1574 1078 1597 certe
1110 1565 1138 1596 fe
1165 1562 1289 1596 ultima
1316 1564 1351 1596 ίη
1369 1565 1501 1601 rasura),
1524 1565 1558 1595 A

252 1623 268 1653 7
307 1618 537 1665 grauissimus
575 1621 707 1665 (grauls
750 1620 787 1653 in
824 1623 957 1660 rasura)
1002 1623 1035 1653 A
1178 1618 1485 1664 phylosophorum
1522 1619 1558 1652 B

251 1688 410 1711 omnium
436 1688 496 1721 qui
521 1680 693 1710 mutatum
719 1678 756 1710 in
782 1688 942 1710 omnium
968 1688 1036 1720 que
1061 1678 1142 1710 AB
1259 1676 1277 1707 S
1304 1676 1496 1720 seperanm
1522 1676 1557 1709 B

251 1734 390 1779 legibus
419 1732 496 1773 {bus
518 1734 554 1767 in
578 1736 714 1774 rasura)
744 1735 780 1768 B
919 1736 938 1766 9
965 1733 1060 1767 idem
1086 1732 1255 1767 IIalmizcs
1280 1731 1358 1765 coll.
1385 1732 1424 1764 de
1448 1733 1508 1777 off.
1538 1730 1563 1765 Ι

187 1805 214 1844 1,
248 1805 283 1843 ¹3
312 1801 396 1835 item
422 1801 614 1836 Lambinus
711 1804 751 1835 10
777 1779 853 1851 {gisl
869 1801 960 1846 legls
982 1802 1018 1835 B
1043 1801 1119 1834 elus
1147 1800 1238 1845 legis
1259 1803 1294 1834 Α
1318 1801 1378 1834 secl
1401 1811 1438 1833 1u
1464 1812 1554 1839 corr,

183 1875 218 1905 ut
241 1870 392 1916 potuerit
417 1869 494 1914 egis
511 1869 640 1913 fuiss&
669 1869 758 1915 legis
775 1869 943 1904 Halmius
969 1869 1047 1902 tolli
1068 1867 1177 1909 iussit,
1206 1880 1275 1902 non
1300 1872 1390 1902 reete
1414 1879 1475 1901 nec
1499 1867 1556 1900 ob-

188 1929 392 1972 temperauit
418 1926 606 1961 Baiterus:
641 1929 761 1971 emgser
784 1928 834 1960 ΙΙ
852 1927 906 1968 23,
941 1927 982 1958 58
1017 1937 1097 1959 cum
1127 1925 1262 1959 lamina
1293 1930 1387 1959 esset
1410 1924 1561 1958 inuenta

186 1991 220 2018 et
245 1984 281 2018 in
308 1995 349 2017 ea
374 1984 544 2028 scriptum
562 1983 707 2025 lamina,
734 1983 795 2017 ubi
816 1995 869 2016 me
886 1983 1019 2027 quidem
1045 1986 1182 2016 auam-e
1205 1981 1387 2026 θείην-αμα
1411 1982 1560 2014 alterum

186 2041 319 2075 lamina
344 2041 537 2081 incluc‘z'tm·‚·
559 2051 627 2084 pro
653 2041 751 2074 λίαν.
785 2042 838 2081 14,
867 2041 903 2072 31
935 2039 990 2073 sin
1015 2039 1104 2073 haec
1128 2038 1223 2072 bella
1246 2037 1459 2082 grauissima
1483 2038 1558 2071 uic-

185 2097 370 2141 toriaeque
404 2108 527 2130 eorum
560 2096 735 2130 bellorum
769 2097 991 2140 gratissimae
1024 2096 1188 2135 fuerunt;
1222 2107 1289 2139 pro
1321 2095 1403 2128 Mil.
1433 2096 1488 2136 27,
1518 2096 1560 2127 74

185 2165 263 2188 cum
313 2165 384 2187 non
419 2154 660 2198 impetrasset,
702 2161 740 2187 ut
771 2153 840 2186 sibi
873 2153 1027 2187 insulam
1058 2152 1094 2186 in
1127 2152 1205 2186 lacu
1231 2151 1340 2185 Prilio
1372 2152 1559 2193 uenderet,

185 2215 333 2256 repente
358 2210 394 2243 in
421 2222 498 2244 eam
524 2210 678 2244 insulam
704 2210 887 2244 materiem
914 2209 1101 2250 conuexit3
1134 2209 1232 2243 Taso.
1262 2209 1348 2253 disp.
1379 2208 1413 2242 V
1434 2209 1488 2249 20,
1518 2209 1559 2240 59

186 2279 266 2302 cum
291 2267 424 2301 fossam
450 2266 557 2301 latam
584 2266 777 2301 cubiculari
809 2266 900 2300 lecto
936 2266 1230 2300 circumdedisset
1263 2265 1411 2309 eiusque
1444 2265 1559 2299 fossae

185 2324 374 2358 transitum
408 2323 674 2364 coniunxisset;
710 2325 750 2357 <le
779 2326 854 2369 fin.
890 2324 962 2357 III
982 2325 1012 2364 5,
1046 2324 1084 2355 16
1119 2323 1164 2356 ad
1196 2333 1301 2356 suum
1337 2327 1467 2355 statum
1501 2332 1561 2354 ea-

187 2392 266 2425 que,
297 2392 388 2427 quae
406 2380 656 2414 conseruantia
673 2385 758 2414 sunt
775 2379 850 2413 eius
869 2386 994 2420 status,
1016 2379 1210 2424 diligenda,
1239 2379 1309 2413 alia
1385 2380 1419 2410 11
1453 2377 1484 2410 ἃ*
1502 2389 1561 2411 za-

187 2438 327 2471 leucum
353 2438 430 2471 AB
458 2437 639 2477 (Halmius
663 2437 803 2477 errauit)
894 2436 1114 2478 charonmda
1138 2439 1173 2470 A
1198 2434 1397 2469 carnoruda
1422 2446 1500 2468 corr
1524 2433 1561 2468 in

187 2494 401 2529 carronnlda
427 2495 463 2527 B
491 2494 557 2534 (sie)
659 2497 728 2537 qus)
747 2496 780 2527 Α
806 2492 870 2537 (sm
901 2494 942 2534 (le.
964 2505 991 2526 e.
1021 2493 1200 2537 quoniam)
1225 2493 1261 2526 B
1291 2493 1358 2534 (sic)
1422 2492 1461 2524 12
1481 2503 1559 2536 qul-

186 2552 268 2585 dam
293 2563 371 2584 corr
396 2550 539 2595 quidem
564 2551 600 2584 B
625 2550 733 2594 quide
757 2551 818 2583 sed
841 2554 859 2582 ἓ
884 2561 964 2583 corr
988 2553 1022 2584 Α
1117 2546 1378 2583 (ΙῙῙΘοτειτιοῃθΓ
1406 2559 1485 2581 corr
1509 2548 1560 2581 ‹11-

186 2607 397 2642 leeranoms
418 2610 452 2641 A
528 2608 568 2639 13
595 2606 800 2650 scripserint
816 2606 862 2639 R.
884 2606 1083 2651 Stephanus
1158 2607 1197 2637 14
1224 2605 1314 2649 legis
1336 2615 1488 2649 puram-t
1513 2604 1559 2638 ἔω

185 2676 247 2710 per
267 2664 301 2697 in
321 2676 446 2698 rasura
464 2667 497 2698 A
586 2665 623 2695 17
644 2661 768 2696 fuisse—
802 2663 885 2707 ‘fuit
902 2662 1032 2704 fuiss&)
1055 2663 1090 2696 B
1172 2661 1334 2695 ‘t'mmeus
1349 2662 1384 2695 B
1456 2661 1561 2694 fuisse

1574 890 1605 915 10

1576 1230 1605 1254 15
