1779 2989
1477 156 1503 181 V

140 257 298 297 riorum
329 256 502 296 nomine
534 255 852 309 comprehendi,
888 269 1066 308 quorum
1098 255 1302 295 lectiones
1334 254 1510 296 selectas

139 349 243 388 quas
274 335 320 375 in
351 334 624 375 adnotatione
656 333 778 388 posui
820 348 841 374 e
873 333 1063 383 Dauisii‚
1108 334 1364 382 Goerenzii,
1407 334 1511 374 Mo-

141 414 238 464 seri,
272 413 413 463 Bakii‚
455 413 752 467 Feldhuegelii
785 413 1099 453 commentariis
1132 412 1296 467 collegi.
1362 420 1405 453 at
1440 414 1512 453 uel

141 494 201 535 sic
240 500 402 534 restant
442 507 530 533 non
569 506 728 546 paucae
770 492 1114 541 emendationes,
1167 506 1276 545 quae
1318 492 1418 532 inde
1459 492 1510 532 ab

140 572 302 613 ultimis
342 579 392 612 ut
421 572 592 612 uidetur
622 571 882 612 editionibus
913 577 1167 625 propagatae
1199 577 1309 612 certo
1341 578 1511 611 auctore

142 658 299 692 carent.
378 666 480 704 quas
526 651 623 691 licet
668 650 870 691 credibile
916 651 969 691 sit
1014 664 1213 704 magnam
1263 657 1427 704 partem
1473 657 1513 690 et

141 731 254 784 ipsas
297 745 319 771 e
358 730 577 771 codicibus
607 737 822 784 promptas
865 743 982 779 esse,
1024 744 1103 783 ego
1140 744 1227 770 non
1267 730 1387 783 potui
1428 730 1512 769 nisi

141 809 379 850 editionum
418 809 591 850 nomine
632 810 800 849 afferre:
851 809 954 850 alias
1000 823 1145 849 eorum
1183 809 1393 850 editorum
1435 823 1514 848 110-

141 889 328 929 minibus
360 889 590 942 insigniui,
634 889 679 929 in
713 903 892 942 quorum
923 888 1042 928 libris
1072 888 1259 943 primum
1290 896 1506 942 apparent.

226 969 520 1009 Vetustiorum
560 976 704 1008 autem
743 967 982 1008 editionum
1020 982 1178 1021 paucas
1219 974 1383 1008 tantum
1424 975 1514 1008 tra—

141 1048 268 1096 ctaui,
302 1047 466 1088 nullam
498 1047 782 1100 antiquiorem
814 1047 1078 1087 Ascensiana
1108 1061 1144 1087 a.
1180 1061 1346 1097 Mnxxi,
1387 1062 1513 1101 quam

141 1127 302 1181 excipit
332 1141 396 1175 ea,
432 1142 513 1180 qua
545 1128 696 1167 Petrus
727 1126 946 1167 Victorius
980 1140 1015 1166 a.
1053 1140 1257 1167 MDXXXVI
1299 1134 1341 1167 et
1383 1128 1514 1167 uerba

141 1207 358 1247 Ciceronis
391 1206 619 1259 castigauit
650 1214 691 1246 et
721 1206 1011 1246 difficiliorum
1034 1207 1302 1259 quorundam
1324 1207 1513 1246 locorum

141 1286 438 1339 castigationes
472 1286 732 1339 explanauit.
800 1285 956 1325 deinde
995 1285 1173 1326 Roberti
1206 1285 1416 1339 Stephani
1455 1285 1510 1325 li-

142 1365 263 1405 brum
303 1380 340 1405 a.
385 1378 654 1414 MDxxxvni,
699 1365 767 1405 cui
806 1379 894 1405 non
936 1364 1086 1405 dubito
1124 1366 1363 1419 principem
1406 1365 1516 1405 inter

141 1445 257 1486 illius
290 1444 438 1485 aetatis
471 1445 679 1485 editiones
710 1444 852 1484 locum
883 1445 1115 1498 assignare,
1150 1459 1232 1498 quo
1263 1445 1369 1485 libro
1403 1445 1516 1497 quod

142 1524 323 1564 Victorii
353 1538 520 1577 quoque
555 1523 884 1577 ‘castigationes'
916 1530 1110 1577 receptae
1143 1531 1257 1570 sunt,
1295 1538 1516 1578 perperam

142 1618 164 1644 a
206 1603 428 1644 nonnullis
467 1617 541 1657 pro
572 1602 823 1645 Victoriana
861 1603 1061 1652 habetur,
1101 1618 1227 1657 quam
1268 1604 1314 1644 in
1356 1604 1421 1644 his
1463 1604 1515 1644 de

143 1683 311 1736 legibus
343 1683 462 1722 libris
501 1683 646 1723 multis
685 1683 932 1723 nominibus
972 1690 1156 1736 superat.
1222 1689 1435 1736 praeterea
1477 1690 1517 1723 et

144 1762 376 1802 Camerarii
407 1762 640 1802 editionem
674 1777 709 1802 a.
747 1776 870 1803 MDXL
903 1762 1193 1803 Ascensianae
1215 1763 1517 1803 Victorianae-

143 1855 224 1894 que
270 1841 519 1882 similiorem
563 1841 682 1882 illam
728 1856 853 1895 quam
900 1841 1215 1895 Stephanianae
1260 1841 1428 1882 uersaui
1476 1848 1517 1881 et

144 1935 237 1961 eam
275 1935 381 1974 quae
421 1935 473 1960 ex
504 1921 646 1962 Caroli
677 1921 885 1975 Stephani
926 1921 1096 1961 officina
1135 1937 1170 1961 a.
1208 1934 1378 1962 MDLIIH
1418 1935 1517 1974 pro-

145 2000 237 2049 diit,
282 2000 327 2039 in
362 2015 443 2053 qua
474 2014 581 2053 quae
613 2013 664 2041 ex
701 2000 872 2040 ‘uetere'
906 2001 1162 2040 adnotantur
1201 2000 1407 2041 lectiones
1449 2014 1517 2040 eas

145 2080 366 2120 sciendum
399 2086 464 2119 est
493 2079 539 2119 in
570 2079 636 2120 his
667 2080 839 2133 quidem
870 2079 990 2120 libris
1022 2094 1110 2120 non
1136 2094 1226 2120 esse
1250 2094 1271 2120 e
1294 2079 1516 2120 codicibus

146 2160 220 2199 sed
271 2174 292 2198 e
343 2159 648 2199 uetustioribus
701 2159 958 2199 editionibus
1008 2159 1142 2199 ueluti
1192 2159 1371 2200 Roberti
1417 2159 1518 2199 Ste-

144 2238 276 2292 phani
324 2248 557 2292 excerptas.
644 2239 830 2291 denique
876 2238 1207 2279 Lambinianam
1252 2253 1288 2279 a.
1344 2251 1515 2278 Manv,

147 2332 254 2370 quae
286 2317 376 2357 sola
406 2332 550 2358 ueram
582 2317 782 2358 Lambini
814 2318 1105 2359 recensionem
1136 2318 1324 2366 exhibet,
1375 2318 1447 2370 qui
1480 2325 1518 2357 et

146 2397 326 2437 correxit
357 2397 565 2437 nonnulla
598 2397 722 2437 tacite
754 2404 793 2438 et
824 2398 906 2438 alia
944 2397 991 2437 in
1032 2397 1189 2438 additis
1232 2396 1521 2437 adnotationi-

146 2476 226 2516 bus
254 2475 503 2528 'explicauit

233 2556 375 2608 Atque
413 2554 458 2594 hi
497 2555 669 2608 quidem
705 2556 850 2609 legum
890 2556 1021 2596 libros
1059 2570 1145 2596 una
1187 2569 1285 2595 cum
1325 2555 1520 2609 pluribus

148 2641 220 2674 aut
274 2634 471 2674 omnibus
518 2634 734 2674 Ciceronis
792 2635 955 2688 scriptis
1011 2634 1320 2688 uulgauerunt:
1378 2648 1523 2675 eorum
